@techreport{example,
	author = {Osamu Nakamura and Hiroaki Hazeyama and Yukito Ueno and Akira Kato},
	title = {A Special Purpose TLD to resolve IPv4 Address Literal on DNS64/NAT64 environments},
	howpublished = {Working Draft},
	type = {Internet-Draft},
	number = {draft-osamu-v6ops-ipv4-literal-in-url-02},
	year = {2014},
	month = {October},
	institution = {IETF Secretariat},
	url = {http://www.ietf.org/internet-drafts/draft-osamu-v6ops-ipv4-literal-in-url-02.txt},
	note = {\url{http://www.ietf.org/internet-drafts/draft-osamu-v6ops-ipv4-literal-in-url-02.txt}},
}
